@ARTICLE{Pola:Decentralized, 
author={Pola, G.  and Pepe, P. and Di Benedetto, M. D.}, 
journal={IEEE Transactions on Automatic Control}, 
title={Decentralized Supervisory Control of Networks of Nonlinear Control Systems}, 
year={2017}, 
volume={PP}, 
number={99}, 
pages={1-1}, 
keywords={Centralized control;Computational complexity;Computer architecture;Decentralized control;Nonlinear control systems;Supervisory control;approximate bisimulation;decentralized supervisory control;networks of control systems;symbolic models}, 
doi={10.1109/TAC.2017.2775962}, 
ISSN={0018-9286}, 
month={},}

@article{YIN2017199,
	title = "Verification complexity of a class of observational properties for modular discrete events systems",
	journal = "Automatica",
	volume = "83",
	pages = "199 - 205",
	year = "2017",
	issn = "0005-1098",
	doi = "https://doi.org/10.1016/j.automatica.2017.06.013",
	url = "http://www.sciencedirect.com/science/article/pii/S0005109817302960",
	author = "Xiang Yin and St√©phane Lafortune",
	keywords = "Computational complexity, PSPACE-completeness, Modular diagnosis, Discrete event systems"
}

@INPROCEEDINGS{FlyAQ:2015, 
	author={D. Bozhinoski and D. D. Ruscio and I. Malavolta and P. Pelliccione and M. Tivoli}, 
	booktitle={2015 30th IEEE/ACM International Conference on Automated Software Engineering (ASE)}, 
	title={FLYAQ: Enabling Non-expert Users to Specify and Generate Missions of Autonomous Multicopters}, 
	year={2015}, 
	volume={}, 
	number={}, 
	pages={801-806}, 
	keywords={aerospace computing;application program interfaces;control engineering computing;helicopters;software engineering;FLYAQ;autonomous multicopters;error-prone activity;low-level API;no-fly zones;nonexpert users;program multicopters;software engineering techniques;task-specific activity;Drones;Earthquakes;Monitoring;Safety;Software;Software engineering;Solar panels;Domain-specific Languages;Model-Driven Engineering;Multicopter}, 
	doi={10.1109/ASE.2015.104}, 
	ISSN={}, 
	month={Nov},}


@inproceedings{FLYAQ:2016,
	author = {Ruscio, Davide Di and Malavolta, Ivano and Pelliccione, Patrizio and Tivoli, Massimo},
	title = {Automatic Generation of Detailed Flight Plans from High-level Mission Descriptions},
	booktitle = {Proceedings of the ACM/IEEE 19th International Conference on Model Driven Engineering Languages and Systems},
	series = {MODELS '16},
	year = {2016},
	isbn = {978-1-4503-4321-3},
	location = {Saint-malo, France},
	pages = {45--55},
	numpages = {11},
	url = {http://doi.acm.org/10.1145/2976767.2976794},
	doi = {10.1145/2976767.2976794},
	acmid = {2976794},
	publisher = {ACM},
	address = {New York, NY, USA},
} 


@ARTICLE{Dong:Formation, 
	author={X. Dong and B. Yu and Z. Shi and Y. Zhong}, 
	journal={IEEE Transactions on Control Systems Technology}, 
	title={Time-Varying Formation Control for Unmanned Aerial Vehicles: Theories and Applications}, 
	year={2015}, 
	volume={23}, 
	number={1}, 
	pages={340-348}, 
	keywords={autonomous aerial vehicles;control system analysis;control system synthesis;mobile robots;multi-robot systems;time-varying systems;velocity control;UAV swarm systems;consensus-based approach;formation control analysis;formation protocols;necessary and sufficient conditions;quadrotor formation platform;time-varying formation center function;time-varying formation control;unmanned aerial vehicle swarm systems;Eigenvalues and eigenfunctions;Lead;Protocols;Time-varying systems;Topology;Unmanned aerial vehicles;Vectors;Formation control;swarm system;time-varying formation;unmanned aerial vehicle (UAV);unmanned aerial vehicle (UAV).}, 
	doi={10.1109/TCST.2014.2314460}, 
	ISSN={1063-6536}, 
	month={Jan},}

@article{Borri:NecSys,
	title = "Decentralized symbolic control of interconnected systems with application to vehicle platooning*",
	journal = "IFAC Proceedings Volumes",
	volume = "46",
	number = "27",
	pages = "285 - 292",
	year = "2013",
	note = "4th IFAC Workshop on Distributed Estimation and Control in Networked Systems (2013)",
	issn = "1474-6670",
	doi = "https://doi.org/10.3182/20130925-2-DE-4044.00056",
	url = "http://www.sciencedirect.com/science/article/pii/S147466701540240X",
	author = "A. Borri and D.V. Dimarogonas and K.H. Johansson and M.D. Di Benedetto and G. Pola",
	keywords = "Decentralized control, automata, control applications"
}

@Book{paulo,
	author = 	 {P. Tabuada},
	ALTeditor = 	 {},
	title = 	 {Verification and Control of Hybrid Systems: A Symbolic Approach},
	publisher = 	 {Springer},
	year = 	 {2009},
	OPTkey = 	 {},
	OPTvolume = 	 {},
	OPTnumber = 	 {},
	OPTseries = 	 {},
	OPTaddress = 	 {},
	OPTedition = 	 {},
	OPTmonth = 	 {},
	OPTnote = 	 {},
	OPTannote = 	 {}
}

@ARTICLE{Tabuada:TAC2008, 
	author={P. Tabuada}, 
	journal={IEEE Transactions on Automatic Control}, 
	title={An Approximate Simulation Approach to Symbolic Control}, 
	year={2008}, 
	volume={53}, 
	number={6}, 
	pages={1406-1418}, 
	keywords={control system synthesis;feedback;nonlinear control systems;stability;feedback control;finite controller;nonlinear control systems;stabilizability concept;supervisory control;symbolic control;Control system synthesis;Control systems;Design engineering;Design methodology;Failure analysis;Feedback control;Lattices;Nonlinear control systems;Nonlinear systems;Supervisory control;Finite controllers;hybrid controllers;nonlinear systems}, 
	doi={10.1109/TAC.2008.925824}, 
	ISSN={0018-9286}, 
	month={July},}

@ARTICLE{Belta:Symbolic, 
	author={C. Belta and A. Bicchi and M. Egerstedt and E. Frazzoli and E. Klavins and G. J. Pappas}, 
	journal={IEEE Robotics Automation Magazine}, 
	title={Symbolic planning and control of robot motion}, 
	year={2007}, 
	volume={14}, 
	number={1}, 
	pages={61-70}, 
	keywords={automata theory;formal logic;mobile robots;multi-robot systems;path planning;automata theory;complex planning problems;formal logic;robot motion planning;robot teams;symbolic control;symbolic planning;symbolic techniques;Automata;Communication system control;Control systems;Mobile robots;Motion control;Motion planning;Robot control;Robot motion;Robot sensing systems;Robotics and automation}, 
	doi={10.1109/MRA.2007.339624}, 
	ISSN={1070-9932}, 
	month={March},}

@article{Dimarogonas:IFAC,
	title = "Using progress sets on non-deterministic transition systems for multiple UAV motion planning",
	journal = "IFAC-PapersOnLine",
	volume = "50",
	number = "1",
	pages = "15977 - 15982",
	year = "2017",
	note = "20th IFAC World Congress",
	issn = "2405-8963",
	doi = "https://doi.org/10.1016/j.ifacol.2017.08.1752",
	url = "http://www.sciencedirect.com/science/article/pii/S2405896317323698",
	author = "Paul Rousse and Pierre-Jean Meyer and Dimos V. Dimarogonas",
	keywords = "Guidance, navigation, control of vehicles, Multi-vehicle systems, Formal control synthesis, Temporal logic specifications, Non-deterministic transition system"
}

@INPROCEEDINGS{Dimarogonas:ICRA, 
	author={C. K. Verginis and Z. Xu and D. V. Dimarogonas}, 
	booktitle={2017 IEEE International Conference on Robotics and Automation (ICRA)}, 
	title={Decentralized motion planning with collision avoidance for a team of UAVs under high level goals}, 
	year={2017}, 
	volume={}, 
	number={}, 
	pages={781-787}, 
	keywords={autonomous aerial vehicles;collision avoidance;decentralised control;formal verification;helicopters;multi-robot systems;3-D spheres;aerial agents;agent volume;control laws;decentralized motion planning problem;decentralized navigation functions;finite transition systems;high-level control algorithm;hybrid control strategy;inter-agent collision avoidance;local goal specification;quadrotors;standard formal verification techniques;temporal logic formula;Automation;Collision avoidance;Navigation;Planning;Standards;Trajectory;Vehicle dynamics}, 
	doi={10.1109/ICRA.2017.7989096}, 
	ISSN={}, 
	month={May},}

@ARTICLE{Pola:TAC2016, 
	author={Pola, G.  and Pepe, P.  and Di Benedetto, M. D. }, 
	journal={IEEE Transactions on Automatic Control}, 
	title={Symbolic Models for Networks of Control Systems}, 
	year={2016}, 
	volume={61}, 
	number={11}, 
	pages={3663-3668}, 
	keywords={Lyapunov methods;discrete time systems;nonlinear control systems;stability;discrete-time nonlinear control systems;incremental input-to-state stable Lyapunov function;small gain theorem-type conditions;symbolic models;Complexity theory;Control systems;Linear matrix inequalities;Linear systems;Lyapunov methods;Measurement;Approximate bisimulation;digital control systems;nonlinear systems;small-gain theorem;symbolic models}, 
	doi={10.1109/TAC.2016.2528046}, 
	ISSN={0018-9286}, 
	month={Nov},}

@Book{paulo,
	author = 	 {P. Tabuada},
	title = 	 {Verification and Control of Hybrid Systems: A Symbolic Approach},
	publisher = 	 {Springer},
	year = 	 {2009},
}

@incollection{Formation:2008,
	title={UAV formation control: Theory and application},
	author={Anderson, Brian DO and Fidan, Bari{\c{s}} and Yu, Changbin and Walle, Dirk},
	booktitle={Recent advances in learning and control},
	pages={15--33},
	year={2008},
	publisher={Springer}
}

@INPROCEEDINGS{Formation2014, 
	author={Y. Kuriki and T. Namerikawa}, 
	booktitle={2014 American Control Conference}, 
	title={Consensus-based cooperative formation control with collision avoidance for a multi-UAV system}, 
	year={2014}, 
	volume={}, 
	number={}, 
	pages={2077-2082}, 
	keywords={autonomous aerial vehicles;collision avoidance;convergence;artificial potential approach;collision-avoidance capability;consensus-based cooperative formation control;convergence;leader-follower structure;multi-UAV system;multiple unmanned aerial vehicles;quadrotors;Algorithm design and analysis;Convergence;Laplace equations;Mathematical model;Propellers;Safety;Simulation;Cooperative control;Linear systems;Multivehicle systems}, 
	doi={10.1109/ACC.2014.6858777}, 
	ISSN={0743-1619}, 
	month={June},}

@ARTICLE{Formation:2007, 
	author={X. Wang and V. Yadav and S. N. Balakrishnan}, 
	journal={IEEE Transactions on Control Systems Technology}, 
	title={Cooperative UAV Formation Flying With Obstacle/Collision Avoidance}, 
	year={2007}, 
	volume={15}, 
	number={4}, 
	pages={672-679}, 
	keywords={aircraft control;collision avoidance;geometry;mobile robots;navigation;neurocontrollers;predictive control;remotely operated vehicles;tracking;collision avoidance;cooperative UAV formation flying;danger mode;decentralized algorithm;dual-mode control strategy;flight space geometry;global optimization;model predictive control;modified Grossberg neural network;navigation problems;obstacle avoidance;safe mode;tracking controller;vehicle constraints;Collision avoidance;Fires;Geometry;Neural networks;Nuclear power generation;Predictive control;Predictive models;Radar tracking;Unmanned aerial vehicles;Vehicle dynamics;Collision avoidance;Grossberg neural network (GNN);cooperative control;model predictive control (MPC);obstacle avoidance;unmanned aerial vehicle (UAV);visibility graph}, 
	doi={10.1109/TCST.2007.899191}, 
	ISSN={1063-6536}, 
	month={July},}

@inproceedings{Cooperative:2001,
	title={UAV cooperative control},
	author={Chandler, Phillip R and Pachter, Meir and Rasmussen, Steven},
	booktitle={American Control Conference, 2001. Proceedings of the 2001},
	volume={1},
	pages={50--55},
	year={2001},
	organization={IEEE}
}

@incollection{mellinger2013cooperative,
	title={Cooperative grasping and transport using multiple quadrotors},
	author={Mellinger, Daniel and Shomin, Michael and Michael, Nathan and Kumar, Vijay},
	booktitle={Distributed autonomous robotic systems},
	pages={545--558},
	year={2013},
	publisher={Springer}
}

@INPROCEEDINGS{DAndrea, 
	author={R. Ritz and R. D'Andrea}, 
	booktitle={2013 IEEE/RSJ International Conference on Intelligent Robots and Systems}, 
	title={Carrying a flexible payload with multiple flying vehicles}, 
	year={2013}, 
	volume={}, 
	number={}, 
	pages={3465-3471}, 
	keywords={autonomous aerial vehicles;deformation;helicopters;multi-robot systems;ETH Zurich flying machine arena;characteristic deformation modes;flexible payload;flexible structures;multiple attached flying vehicles;quadrocopters;structure pose;thin flexible ring;Current measurement;Payloads;Q measurement;Quaternions;Vectors;Vehicle dynamics;Vehicles}, 
	doi={10.1109/IROS.2013.6696850}, 
	ISSN={2153-0858}, 
	month={Nov},}